
@article{El_Kanawati_2015,
	doi = {10.1088/0031-9155/60/20/8067},
	url = {https://doi.org/10.1088%2F0031-9155%2F60%2F20%2F8067},
	year = 2015,
	month = {oct},
	publisher = {{IOP} Publishing},
	volume = {60},
	number = {20},
	pages = {8067--8086},
	author = {W El Kanawati and J M L{\'{e}}tang and D Dauvergne and M Pinto and D Sarrut and {\'{E}} Testa and N Freud},
	title = {Monte Carlo simulation of prompt$\gamma$-ray emission in proton therapy using a specific track length estimator},
	journal = {Physics in Medicine and Biology},
}
@article{KRIMMER201858,
title = "Prompt-gamma monitoring in hadrontherapy: A review",
journal = "Nuclear Instruments and Methods in Physics Research Section A: Accelerators, Spectrometers, Detectors and Associated Equipment",
volume = "878",
pages = "58 - 73",
year = "2018",
note = "Radiation Imaging Techniques and Applications",
issn = "0168-9002",
doi = "https://doi.org/10.1016/j.nima.2017.07.063",
url = "http://www.sciencedirect.com/science/article/pii/S0168900217308380",
author = "J. Krimmer and D. Dauvergne and J.M. Létang and {\'{E}} Testa",
keywords = "Particle therapy, Hadrontherapy, Prompt-gamma, Proton therapy, Gamma camera",
}
@article{Huisman_2016,
	doi = {10.1088/0031-9155/61/21/7725},
	url = {https://doi.org/10.1088%2F0031-9155%2F61%2F21%2F7725},
	year = 2016,
	month = {oct},
	publisher = {{IOP} Publishing},
	volume = {61},
	number = {21},
	pages = {7725--7743},
	author = {Brent F B Huisman and J M L{\'{e}}tang and {\'{E}} Testa and D Sarrut},
	title = {Accelerated prompt gamma estimation for clinical proton therapy simulations},
	journal = {Physics in Medicine and Biology},
}
@article{Qin_2017,
	doi = {10.1088/1361-6560/aa5d43},
	url = {https://doi.org/10.1088%2F1361-6560%2Faa5d43},
	year = 2017,
	month = {apr},
	publisher = {{IOP} Publishing},
	volume = {62},
	number = {9},
	pages = {3682--3699},
	author = {Nan Qin and Marco Pinto and Zhen Tian and Georgios Dedes and Arnold Pompos and Steve B Jiang and Katia Parodi and Xun Jia},
	title = {Initial development of {goCMC}: a {GPU}-oriented fast cross-platform Monte Carlo engine for carbon ion therapy},
	journal = {Physics in Medicine and Biology},
}

@ARTICLE{1487723,  author={K. {Parodi} and F. {Ponisch} and W. {Enghardt}},  journal={IEEE Transactions on Nuclear Science},   title={Experimental study on the feasibility of in-beam PET for accurate monitoring of proton therapy},   year={2005},  volume={52},  number={3},  pages={778-786},}
 
 @article{Choi,
author = {Choi Jinhyun,Kang Jin Oh},
title = {Basics of particle therapy II: relative biological effectiveness},
journal = {Radiat Oncol J},
volume = {30},
number = {1},
pages = {1-13},
year = {2012},
doi = {10.3857/roj.2012.30.1.1},

URL = {http://www.e-roj.org/journal/view.php?number=19},
eprint = {http://www.e-roj.org/journal/view.php?number=19}
}

@article{wilson,
author = {Wilson, Robert R.},
title = {Radiological Use of Fast Protons},
journal = {Radiology},
volume = {47},
number = {5},
pages = {487-491},
year = {1946},
doi = {10.1148/47.5.487},
    note ={PMID: 20274616},

URL = { 
        https://doi.org/10.1148/47.5.487
    
},
eprint = { 
        https://doi.org/10.1148/47.5.487
    
}
}

@article {Nupecc,
title = {NuPECC Report "Nuclear Physics for Medicine"},
year = {2014}
}

@article{LIEVENS2013134,
title = "Health Economic Controversy and Cost-Effectiveness of Proton Therapy",
journal = "Seminars in Radiation Oncology",
volume = "23",
number = "2",
pages = "134 - 141",
year = "2013",
note = "Controversies in Proton Therapy",
issn = "1053-4296",
doi = "https://doi.org/10.1016/j.semradonc.2012.11.005",
url = "http://www.sciencedirect.com/science/article/pii/S1053429612001087",
author = "Yolande Lievens and Madelon Pijls-Johannesma"
}
@article{Embriaco_2018,
	doi = {10.1088/1742-6596/956/1/012007},
	url = {https://doi.org/10.1088%2F1742-6596%2F956%2F1%2F012007},
	year = 2018,
	month = {jan},
	publisher = {{IOP} Publishing},
	volume = {956},
	pages = {012007},
	author = {A Embriaco},
	title = {The {MONET} code for the evaluation of the dose in hadrontherapy},
	journal = {Journal of Physics: Conference Series}
	}
	
@article{ENGHARDT2004284,
title = "Charged hadron tumour therapy monitoring by means of PET",
journal = "Nuclear Instruments and Methods in Physics Research Section A: Accelerators, Spectrometers, Detectors and Associated Equipment",
volume = "525",
number = "1",
pages = "284 - 288",
year = "2004",
note = "Proceedings of the International Conference on Imaging Techniques in Subatomic Physics, Astrophysics, Medicine, Biology and Industry",
issn = "0168-9002",
doi = "https://doi.org/10.1016/j.nima.2004.03.128",
url = "http://www.sciencedirect.com/science/article/pii/S0168900204004218",
author = "W Enghardt and P Crespo and F Fiedler and R Hinz and K Parodi and J Pawelke and F Pönisch",
keywords = "Positron emission tomography, Charged hadron therapy, Ion therapy"
}

@article{PGMonitoringC12,
author = {Testa,E.  and Bajard,M.  and Chevallier,M.  and Dauvergne,D.  and Le Foulher,F.  and Freud,N.  and Létang,J.-M.  and Poizat,J.-C.  and Ray,C.  and Testa,M. },
title = {Monitoring the Bragg peak location of 73 mev per u carbon ions by means of prompt $\gamma$-ray measurements},
journal = {Applied Physics Letters},
volume = {93},
number = {9},
pages = {093506},
year = {2008},
doi = {10.1063/1.2975841},

URL = { 
        https://doi.org/10.1063/1.2975841
    
},
eprint = { 
        https://doi.org/10.1063/1.2975841
    
}

}

@article{FERRERO201948,
title = "Innovation in online hadrontherapy monitoring: An in-beam PET and prompt-gamma-timing combined device",
journal = "Nuclear Instruments and Methods in Physics Research Section A: Accelerators, Spectrometers, Detectors and Associated Equipment",
volume = "936",
pages = "48 - 49",
year = "2019",
note = "Frontier Detectors for Frontier Physics: 14th Pisa Meeting on Advanced Detectors",
issn = "0168-9002",
doi = "https://doi.org/10.1016/j.nima.2018.08.065",
url = "http://www.sciencedirect.com/science/article/pii/S0168900218310234",
author = "V. Ferrero and P. Cerello and E. Fiorina and V. Monaco and M. Rafecas and R. Wheadon and F. Pennazio",
keywords = "Applications to life sciences and other societal challenges"
}


@ARTICLE{Parodi20157153,
author={Parodi, K.},
title={Vision 20/20: Positron emission tomography in radiation therapy planning, delivery, and monitoring},
journal={Medical Physics},
year={2015},
volume={42},
number={12},
pages={7153-7168},
doi={10.1118/1.4935869},
note={cited By 33},
url={https://www.scopus.com/inward/record.uri?eid=2-s2.0-84948774576&doi=10.1118%2f1.4935869&partnerID=40&md5=6f101089b113a295bcef7708df6811c7},
document_type={Article},
}
@article{Sterpin_2015,
	doi = {10.1088/0031-9155/60/12/4915},
	url = {https://doi.org/10.1088%2F0031-9155%2F60%2F12%2F4915},
	year = 2015,
	month = {jun},
	publisher = {{IOP} Publishing},
	volume = {60},
	number = {12},
	pages = {4915--4946},
	author = {E Sterpin and G Janssens and J Smeets and Fran{\c{c}}ois Vander Stappen and D Prieels and Marlen Priegnitz and Irene Perali and S Vynckier},
	title = {Analytical computation of prompt gamma ray emission and detection for proton range verification},
	journal = {Physics in Medicine and Biology},
	}
	@article{Paganetti2012,
author = {Paganetti, Harald},
year = {2012},
month = {05},
pages = {R99-117},
title = {Range uncertainties in proton therapy and the role of Monte Carlo simulations},
volume = {57},
journal = {Physics in medicine and biology},
doi = {10.1088/0031-9155/57/11/R99}
}
@Article{Min2006,
  author  = {Min,Chul-Hee and Kim,Chan Hyeong and Youn,Min-Young and Kim,Jong-Won},
  journal = {Applied Physics Letters},
  title   = {Prompt gamma measurements for locating the dose falloff region in the proton therapy},
  year    = {2006},
  number  = {18},
  pages   = {183517},
  volume  = {89},
  doi     = {10.1063/1.2378561},
  eprint  = {https://doi.org/10.1063/1.2378561},
  url     = {https://doi.org/10.1063/1.2378561},
}
@article{Golnik_2014,
	doi = {10.1088/0031-9155/59/18/5399},
	url = {https://doi.org/10.1088%2F0031-9155%2F59%2F18%2F5399},
	year = 2014,
	month = {aug},
	publisher = {{IOP} Publishing},
	volume = {59},
	number = {18},
	pages = {5399--5422},
	author = {Christian Golnik and Fernando Hueso-Gonz{\'{a}}lez and Andreas Müller and Peter Dendooven and Wolfgang Enghardt and Fine Fiedler and Thomas Kormoll and Katja Roemer and Johannes Petzoldt and Andreas Wagner and Guntram Pausch},
	title = {Range assessment in particle therapy based on prompt$\gamma$-ray timing measurements},
	journal = {Physics in Medicine and Biology},
	}
@article{Hueso_Gonz_lez_2015,
	doi = {10.1088/0031-9155/60/16/6247},
	url = {https://doi.org/10.1088%2F0031-9155%2F60%2F16%2F6247},
	year = 2015,
	month = {aug},
	publisher = {{IOP} Publishing},
	volume = {60},
	number = {16},
	pages = {6247--6272},
	author = {Fernando Hueso-Gonz{\'{a}}lez and Wolfgang Enghardt and Fine Fiedler and Christian Golnik and Guillaume Janssens and Johannes Petzoldt and Damien Prieels and Marlen Priegnitz and Katja E Römer and Julien Smeets and Fran{\c{c}}ois Vander Stappen and Andreas Wagner and Guntram Pausch},
	title = {First test of the prompt gamma ray timing method with heterogeneous targets at a clinical proton therapy facility},
	journal = {Physics in Medicine and Biology},
	}
@article{KrimmerPGPI,
author = {Krimmer,J.  and Angellier,G.  and Balleyguier,L.  and Dauvergne,D.  and Freud,N.  and Hérault,J.  and Létang,J. M.  and Mathez,H.  and Pinto,M.  and Testa,E.  and Zoccarato,Y. },
title = {A cost-effective monitoring technique in particle therapy via uncollimated prompt gamma peak integration},
journal = {Applied Physics Letters},
volume = {110},
number = {15},
pages = {154102},
year = {2017},
doi = {10.1063/1.4980103},

URL = { 
        https://doi.org/10.1063/1.4980103
    
},
eprint = { 
        https://doi.org/10.1063/1.4980103
    
}
}
@article{PintoCollimated,
author = {Pinto, M. and De Rydt, M. and Dauvergne, D. and Dedes, G. and Freud, N. and Krimmer, J. and Létang, J. M. and Ray, C. and Testa, E. and Testa, M.},
title = {Technical Note: Experimental carbon ion range verification in inhomogeneous phantoms using prompt gammas},
journal = {Medical Physics},
volume = {42},
number = {5},
pages = {2342-2346},
keywords = {bone, lung, Monte Carlo methods, phantoms, radiation therapy, Radiation therapy equipment, Verification, Radiation therapy, prompt gammas, particle therapy monitoring, inhomogeneous targets, carbon ion therapy, geant4, Carbon, Collimators, Cancer, Protons, Tissues, Cameras, Ion radiation effects, Particle beam detectors, Ion beams, Lungs},
doi = {10.1118/1.4917225},
url = {https://aapm.onlinelibrary.wiley.com/doi/abs/10.1118/1.4917225},
eprint = {https://aapm.onlinelibrary.wiley.com/doi/pdf/10.1118/1.4917225},
year = "2015",
}
@article{Testa_2014,
	doi = {10.1088/0031-9155/59/15/4181},
	url = {https://doi.org/10.1088%2F0031-9155%2F59%2F15%2F4181},
	year = 2014,
	month = {jul},
	publisher = {{IOP} Publishing},
	volume = {59},
	number = {15},
	pages = {4181--4195},
	author = {Mauro Testa and Chul Hee Min and Joost M Verburg and Jan Schümann and Hsiao-Ming Lu and Harald Paganetti},
	title = {Range verification of passively scattered proton beams based on prompt gamma time patterns},
	journal = {Physics in Medicine and Biology},
	}
@article{MinSimu,
author = {Min, Chul Hee and Lee, Han Rim and Kim, Chan Hyeong and Lee, Se Byeong},
title = {Development of array-type prompt gamma measurement system for in vivo range verification in proton therapy},
journal = {Medical Physics},
year = {2012},
volume = {39},
number = {4},
pages = {2100-2107},
keywords = {Verification, Therapeutic applications, including brachytherapy, Dosimetry/exposure assessment, Monte Carlo simulations, cancer, dosimetry, gamma-ray detection, Monte Carlo methods, optimisation, radiation therapy, scintillation, tumours, proton beam, prompt gamma, distal dose edge, radiation measurement, Monte Carlo simulation, Radiation therapy, Protons, Monte Carlo methods, Dosimetry, Collimation, Proton therapy, Neutrons, Scintillation detectors, Electric measurements, Neutron sources, Therapeutics},
doi = {10.1118/1.3694098},
url = {https://aapm.onlinelibrary.wiley.com/doi/abs/10.1118/1.3694098},
eprint = {https://aapm.onlinelibrary.wiley.com/doi/pdf/10.1118/1.3694098},
}
@article{Pinto_2014,
	doi = {10.1088/0031-9155/59/24/7653},
	url = {https://doi.org/10.1088%2F0031-9155%2F59%2F24%2F7653},
	year = 2014,
	month = {nov},
	publisher = {{IOP} Publishing},
	volume = {59},
	number = {24},
	pages = {7653--7674},
	author = {M Pinto and D Dauvergne and N Freud and J Krimmer and J M Letang and C Ray and F Roellinghoff and E Testa},
	title = {Design optimisation of a {TOF}-based collimated camera prototype for online hadrontherapy monitoring},
	journal = {Physics in Medicine and Biology},
}
@article{Smeets_2012,
	doi = {10.1088/0031-9155/57/11/3371},
	url = {https://doi.org/10.1088%2F0031-9155%2F57%2F11%2F3371},
	year = 2012,
	month = {may},
	publisher = {{IOP} Publishing},
	volume = {57},
	number = {11},
	pages = {3371--3405},
	author = {J Smeets and F Roellinghoff and D Prieels and F Stichelbaut and A Benilov and P Busca and C Fiorini and R Peloso and M Basilavecchia and T Frizzi and J C Dehaes and A Dubus},
	title = {Prompt gamma imaging with a slit camera for real-time range control in proton therapy},
	journal = {Physics in Medicine and Biology},
}
@article{Richter2016,
	year = "2016",
	month = "january",
	volume = "118",
	issue = "2",
	title = "First clinical application of a prompt gamma based in vivo proton range verification system",
	pages = "232--237",
	author = "Christian Richter and Guntram Pausch and Steffen Barczyk and Marlen Priegnitz and Isabell Keitz and Julia Thiele and Julien Smeets and Francois Vander Stappen and Luca Bombelli and Carlo Fiorini and Lucian Hotoiu and Irene Perali and Damien Prieels and Wolfgang Enghardt and Michael Baumann",
	journal = "Radiotherapy and oncology",
	}

@article{Maxim_2018,
	doi = {10.1088/1361-6420/aaecdb},
	url = {https://doi.org/10.1088%2F1361-6420%2Faaecdb},
	year = 2018,
	month = {nov},
	publisher = {{IOP} Publishing},
	volume = {35},
	number = {1},
	pages = {014001},
	author = {Voichi{\c{t}}a Maxim},
	title = {Enhancement of Compton camera images reconstructed by inversion of a conical Radon transform},
	journal = {Inverse Problems},
	}

@article{Draeger_2016,
author = {Draeger, E and Mackin, D and Peterson, S and Chen, H and Beddar, S and Polf, J},
year = 2016,
title = {SU-F-J-189: A Method to Improve the Spatial Resolution of Prompt Gamma Based Compton Imaging for Proton Range Verification},
journal = {Medical Physics},
volume = {43},
number = {6Part11},
pages = {3451-3451},
keywords = {Medical image spatial resolution, Medical image reconstruction, Spatial resolution, Compton scattering, Protons, Sodium, Cameras, Image reconstruction, Surface scattering},
doi = {10.1118/1.4956097},
url = {https://aapm.onlinelibrary.wiley.com/doi/abs/10.1118/1.4956097},
eprint = {https://aapm.onlinelibrary.wiley.com/doi/pdf/10.1118/1.4956097},
}

@INPROCEEDINGS{Caplan_2019,

  author={C. {Caplan} and O. {Allegrini} and J. -. {Cachemiche} and B. {Carlus} and X. {Chen} and D. {Dauvergne} and R. {Della-Negra} and M. {Fontana} and L. {Gallin-Martel} and M. -. {Gallin-Martel} and J. {Hérault} and D. {Lambert} and G. -. {Lu} and M. {Magne} and H. {Mathez} and G. {Montarou} and C. {Morel} and M. {Rodo Bordera} and E. {Testa} and Y. {Zoccarato}},

  booktitle={2019 IEEE Nuclear Science Symposium and Medical Imaging Conference (NSS/MIC)}, 

  title={A $\mu$TCA Back-End Firmware for Data Acquisition and Slow Control of the CLaRyS Compton Camera}, 

  year={2019},

  volume={},

  number={},

  pages={1-4},}
  
@article{Fontana_2018,
	doi = {10.1088/1748-0221/13/08/p08018},
	url = {https://doi.org/10.1088%2F1748-0221%2F13%2F08%2Fp08018},
	year = 2018,
	month = {aug},
	publisher = {{IOP} Publishing},
	volume = {13},
	number = {08},
	pages = {P08018--P08018},
	author = {M. Fontana and D. Dauvergne and R. Della Negra and J.M. L{\'{e}}tang and F. Mounier and {\'{E}}. Testa and L. Zanetti and Y. Zoccarato},
	title = {Large surface gamma cameras for medical imaging: characterization of the bismuth germanate blocks},
	journal = {Journal of Instrumentation},
	}
<<<<<<< HEAD
@INPROCEEDINGS{Marcatili_2019,

  author={S. {Marcatili} and S. {Curtoni} and D. {Dauvergne} and F. {Haddad} and M. {Jacquet} and C. {Koumeir} and J. M. {Létang} and J. {Livingstone} and V. {Métivier} and L. {Gallin-Martel} and M. {Gallin-Martel} and J. {Muraz} and N. {Servagent} and \'E. {Testa}},

  booktitle={2019 IEEE Nuclear Science Symposium and Medical Imaging Conference (NSS/MIC)}, 

  title={A 100 ps TOF Detection System for On-Line Range-Monitoring in Hadrontherapy}, 

  year={2019},

  volume={},

  number={},

  pages={1-4},}
@article{Durante_2016,
	doi = {10.1088/0034-4885/79/9/096702},
	url = {https://doi.org/10.1088%2F0034-4885%2F79%2F9%2F096702},
	year = 2016,
	month = {aug},
	publisher = {{IOP} Publishing},
	volume = {79},
	number = {9},
	pages = {096702},
	author = {Marco Durante and Harald Paganetti},
	title = {Nuclear physics in particle therapy: a review},
	journal = {Reports on Progress in Physics},}
@Article{Durante2017,
author={Durante, Marco
and Orecchia, Roberto
and Loeffler, Jay S.},
title={Charged-particle therapy in cancer: clinical uses and future perspectives},
journal={Nature Reviews Clinical Oncology},
year={2017},
month={Aug},
day={01},
volume={14},
number={8},
pages={483-495},
issn={1759-4782},
doi={10.1038/nrclinonc.2017.30},
url={https://doi.org/10.1038/nrclinonc.2017.30}
}
@ARTICLE{Fontana_2020,

  author={M. {Fontana} and J. -. {Ley} and D. {Dauvergne} and N. {Freud} and J. {Krimmer} and J. M. {Létang} and V. {Maxim} and M. -. {Richard} and I. {Rinaldi} and \'{E}. {Testa}},

  journal={IEEE Transactions on Radiation and Plasma Medical Sciences}, 

  title={Monitoring Ion Beam Therapy With a Compton Camera: Simulation Studies of the Clinical Feasibility}, 

  year={2020},

  volume={4},

  number={2},

  pages={218-232},}


=======
	
	@article{Parodi2018,
author = {Parodi, Katia and Polf, Jerimy C.},
doi = {10.1002/mp.12960},
file = {:home/testa/.local/share/data/Mendeley Ltd./Mendeley Desktop/Downloaded/Parodi, Polf - 2018 - iIn vivoi range verification in particle therapy(2).pdf:pdf},
issn = {0094-2405},
journal = {Medical Physics},
keywords = {in vivo range verification,ion transmission imaging,particle therapy},
mendeley-groups = {Zotero - Biblio},
month = {nov},
number = {11},
pages = {e1036--e1050},
publisher = {John Wiley & Sons, Ltd},
title = {{<i>In vivo</i> range verification in particle therapy}},
url = {https://onlinelibrary.wiley.com/doi/abs/10.1002/mp.12960},
volume = {45},
year = {2018}
}

@article{Krimmer2017a,
author = {Krimmer, J. and Dauvergne, D. and L{\'{e}}tang, J.M. and Testa, {\'{E}}.},
doi = {10.1016/j.nima.2017.07.063},
file = {:home/testa/.local/share/data/Mendeley Ltd./Mendeley Desktop/Downloaded/Krimmer et al. - 2017 - Prompt-gamma monitoring in hadrontherapy A review.pdf:pdf},
issn = {01689002},
journal = {Nuclear Instruments and Methods in Physics Research Section A: Accelerators, Spectrometers, Detectors and Associated Equipment},
mendeley-groups = {Personal/Articles,TEMP},
month = {aug},
title = {{Prompt-gamma monitoring in hadrontherapy: A review}},
url = {http://linkinghub.elsevier.com/retrieve/pii/S0168900217308380},
year = {2017}
}
>>>>>>> b7684bc6d0fea1fa9dda550dcd57d627ca07c078
